2816 4864
428 305 448 354 a

293 417 355 490 χω
590 397 770 473 Historia
789 416 826 476 et
845 396 1022 474 meduna

287 585 453 648 -etmulta
467 605 564 670 saepe
579 589 724 674 egregie,
746 589 804 652 serl
823 609 892 654 uon
911 587 1226 674 ruo'remper10co,
1247 591 1312 658 dis·

300 705 473 775 putarunt.
518 694 565 754 Ut
577 696 670 756 enim
687 716 886 780 magnopere
904 698 990 760 inter
1011 718 1045 762 re
1065 713 1098 762 et
1118 701 1256 764 consilio
1276 713 1313 766 et

300 798 462 862 methodo
476 799 587 862 differt
599 801 789 866 scholastica
801 815 833 866 et
844 803 1026 868 academica
1039 806 1238 868 scri-‚rorum
1256 827 1311 870 ve·
1340 799 1348 808 ’

299 915 411 977 torum
424 907 669 988 interpretatio:
692 911 853 972 matiam
865 913 1006 976 editores
1020 913 1119 995 longe
1135 915 1233 974 aliam
1248 932 1310 996 pre

298 1010 448 1084 instituti
461 1014 650 1080 diversitate
662 1031 846 1098 sequuntur
857 1021 1030 1082 rationem.
1075 1022 1138 1080 bed
1151 1021 1231 1080 iniec
1244 1022 1312 1084 siu·
1400 1033 1401 1056 ¹

296 1119 376 1202 gula
390 1119 521 1206 legibus
534 1123 734 1214 quibusdam
747 1123 882 1188 definire
897 1125 1068 1194 infinitum
1081 1143 1144 1196 err,
1169 1140 1201 1188 et
1222 1128 1310 1190 iuste

296 1225 402 1288 huius
414 1229 463 1289 rei
474 1213 559 1290 ratio
569 1232 736 1314 estpotius
743 1253 807 1294 usu
819 1246 852 1295 et
862 1236 1092 1298 exercitatione
1105 1237 1174 1314 ipsa
1189 1251 1311 1316 cogno·
1400 1213 1401 1232 ³

295 1333 426 1396 menda.
478 1333 626 1398 Omnino
649 1352 760 1400 eutem
781 1343 916 1420 quaevis
935 1340 1153 1423 adolescentis
1171 1339 1308 1420 scriptio

294 1439 467 1506 luxurians
483 1456 516 1504 et
530 1443 716 1512 redundans
730 1447 833 1527 magis
848 1445 1004 1528 placebit,
1024 1467 1125 1528 quam
1139 1446 1257 1508 sterilis
1270 1457 1317 1528 et

294 1549 424 1621 ieiuna,
453 1565 624 1635 propterea
638 1551 730 1636 quo'd
743 1549 875 1614 facilius
896 1555 1184 1637 suaviusqueest,
1212 1551 1309 1612 luxu·

293 1655 394 1732 riem,
428 1670 468 1720 ut
489 1659 659 1731 arborum,
695 1661 741 1722 ita
763 1673 797 1721 et
815 1659 1047 1744 ingeniorum,
1089 1676 1305 1742 compescere,

183 1807 185 1819 .
285 1781 393 1850 quam
406 1760 613 1828 sterilitatem
626 1767 750 1827 iuvare.

355 1873 387 1954 9.
408 1880 440 1952 q.
487 1871 558 1954 Qui
571 1873 673 1956 igitur
685 1872 799 1932 locum
818 1871 963 1954 aliquem
981 1869 1190 1970 interppetari
1211 1887 1305 1932 cona·

292 1981 365 2050 tur,
388 1997 483 2050 eum,
506 1975 750 2060 quantumfieri
759 1980 880 2060 possit,
904 1974 1304 2060 cognoscereoportetea,

103 2109 110 2123 ·
226 2129 229 2134 -
291 2084 676 2174 quaebactenuaal'irie
699 2085 803 2146 doctis
822 2087 861 2146 in
877 2081 956 2146 eum
973 2083 1092 2166 scripta
1105 2081 1333 2146 velbreviut'

290 2190 346 2253 vel
360 2187 495 2254 uberius
508 2203 602 2262 sunt,
626 2204 659 2252 et
673 2191 751 2252 inde
764 2191 899 2274 seligere
906 2233 920 2263 „
938 2191 976 2252 iu
988 2209 1089 2252 suum
1108 2207 1209 2250 utum
1229 2205 1305 2270 con·

290 2310 434 2371 vertere,
458 2311 556 2380 atque
570 2314 771 2382 proponere,
795 2309 879 2378 quae
901 2297 1000 2380 digna
1023 2295 1306 2358 commentatione

223 2406 226 2413 '
290 2405 478 2467 videantur.
524 2403 656 2486 Siquae
669 2409 751 2493 ron,
767 2418 833 2482 aut
851 2401 993 2466 formula
1013 2403 1131 2474 rarior,
1156 2415 1214 2464 aut
1233 2400 1303 2464 ulla

284 2491 409 2574 eliade
423 2529 517 2598 causa
536 2510 669 2594 dignior
686 2511 917 2579 observatione
933 2509 1100 2584 videatur,
1123 2527 1197 2570 eam
1215 2519 1303 2570 recte

289 2618 483 2690 illustrabit,
511 2630 553 2678 ex
571 2635 637 2677 usu
655 2617 798 2678 aliorum
816 2618 1024 2698 scriptorum.
1070 2615 1134 2676 Sed
1154 2615 1191 2676 in
1214 2611 1302 2674 oolli-

197 2737 200 2740 '
288 2724 406 2808 gendis
429 2737 462 2784 et
480 2721 686 2806 proferendis
706 2723 849 2783 ¹aliorum
870 2724 1044 2806 exemplis,
1079 2721 1208 2782 videbit
1228 2717 1300 2780 dili-

288 2843 405 2916 genter
415 2829 541 2913 primo,
563 2847 607 2888 ne
619 2829 708 2892 iusto
722 2830 886 2914 eopiosior
900 2831 960 2899 sit,
982 2829 1044 2888 ubi
1057 2828 1172 2909 paucis
1184 2821 1302 2886 deiun-

196 2957 198 2962 ·
287 2937 435 3022 gendum
448 2949 513 3009 est;
537 2935 662 2996 deinde
671 2933 841 2997 ne'laudet
850 2935 1038 3016 promiscue
1055 2933 1144 2994 locos
1166 2933 1299 3013 scripto·

286 3029 364 3108 rum
375 3059 416 3104 ex
426 3039 525 3104 variis
541 3042 683 3124 erlongo
703 3059 768 3102 ase
781 3039 981 3100 distantibus
996 3035 1148 3111 saecstlis,
1172 3040 1244 3122 quo'
1260 3036 1300 3098 iu
1325 3115 1327 3120 Ι

286 3163 406 3234 genere
418 3148 518 3209 multi
533 3166 604 3210 non
622 3147 750 3208 indocti
769 3145 839 3228 Viri
856 3130 1001 3227 peccant.

214 3335 215 3342 ἵ
352 3255 532 3339 ingenium
545 3271 624 3315 vero
640 3265 673 3312 et
684 3253 817 3334 linguae
831 3265 864 3312 et
875 3253 1040 3335 scriptoris
1051 3249 1198 3314 cuiusvis
1214 3254 1297 3310 seni·
1399 3255 1400 3294 ἲ

192 3387 195 3394 ·
251 3364 262 3376 ’“
285 3379 346 3446 per
366 3373 400 3422 et
417 3361 631 3442 potissimum
650 3358 822 3442 explanare
840 3357 995 3420 studebit
1045 3356 1226 3419 Adhibebit
1245 3357 1295 3418 in·

285 3468 402 3550 primis
427 3465 668 3528 Grammaticos
688 3472 868 3526 vetereset
886 3463 1088 3526 scholiastae
1106 3475 1140 3524 et
1162 3459 1295 3524 Lexico·
1399 3523 1400 3536 ,

285 3571 443 3658 graphos,
467 3591 612 3654 quorum
625 3569 800 3652 multiplex
814 3583 865 3632 est
877 3568 941 3630 hoc
955 3569 992 3630 in
1003 3588 1119 3653 genere
1132 3589 1229 3643 usus,
1254 3569 1296 3632 de

283 3682 381 3742 euius
395 3679 480 3740 iusta
492 3679 622 3740 ratione
637 3693 707 3738 non
727 3675 782 3738 hic
795 3677 888 3760 plura
904 3675 970 3737 dici
982 3691 1130 3758 possunt.
1175 3675 1295 3758 Neque

284 3803 364 3848 vero
379 3784 564 3846 inhaerebit
576 3784 905 3862 tantumrocabulis,
928 3781 1029 3846 sedet
1040 3802 1163 3847 nexum
1175 3776 1301 3846 eorum
1395 3852 1399 3862 ,

283 3903 510 3976 persequetur,
533 3902 567 3950 et
580 3907 714 3952 sensum
726 3891 871 3952 accurate
886 3890 1069 3963 declarabit,
1083 3891 1293 3973 quiquidem

282 3997 415 4094 paepius
430 3997 583 4060 noudum
596 3983 772 4068 definitur,
796 3976 828 4059 si
844 4015 958 4061 omues
969 3995 1207 4060 vocabulorum
1224 3999 1292 4060 siu-

229 4163 233 4170 .
281 4105 441 4214 ‘olorem
452 4101 709 4194 dgniboetiones
723 4103 837 4170 calleas
854 4119 892 4170 et
909 4106 1070 4172 illustrare
1086 4106 1208 4184 valeas,
1230 4103 1292 4174 red
