2816 4864
232 554 235 560 ἣ
315 475 364 528 ao
417 487 421 490 ·
533 448 711 555 Bittiger.
739 449 884 524 Prolus.
911 439 1037 526 Deum
1062 474 1107 527 ex

374 603 377 613 .
474 570 485 626 l
737 620 739 630 ¹
1076 623 1081 632 ¹

314 659 348 706 et
367 641 592 706 Iluonsrotius
615 643 852 708 Osservazione
871 663 966 728 sopra
987 643 1095 706 alcuni
1117 643 1309 732 medsgllonl

176 751 178 764 '
206 777 211 790 ·
237 735 240 742 ’
257 837 263 844 ‚
313 751 353 812 Τ.
369 751 424 821 ΙΧ,
442 772 467 812 ι.
483 771 514 831 p.
534 761 657 834 151seq
669 758 697 826 ]‚
715 753 834 812 deiude
847 753 884 812 in
900 770 1038 834 pompas
1053 755 1155 814 {acras
1171 753 1310 814 translata

314 856 419 946 [Plin.
436 857 584 918 XXXIII.
600 871 630 932 3,
649 877 674 918 a.
688 859 744 952 rii]
768 860 804 920 in
820 859 953 920 theatris
972 859 1070 918 etiam
1086 860 1235 940 usurpari
1248 879 1311 920 coe»

154 954 159 960 ’
179 961 181 966 ’
220 997 223 1003 -
248 963 255 976 ’
312 974 435 1044 perunt
447 963 578 1023 diverso
593 962 694 1024 modo
710 964 857 1046 [Apulei.
876 963 1010 1026 Metam.
1021 965 1058 1034 X,
1073 981 1186 1046 paon.
1204 979 1309 1052 31seq.

312 1069 364 1129 ed.
378 1069 539 1150 Pricaei]‚
563 1088 773 1153 quorumque
788 1067 964 1130 artificium
981 1071 1061 1148 [pia.
1076 1071 1185 1134 Senes.
1202 1092 1248 1156 ep.
1263 1082 1309 1150 88.

310 1191 344 1261 P·
360 1185 423 1250 387
444 1173 493 1234 ed.
512 1174 632 1250 Paris]
653 1175 689 1234 in
709 1194 748 1235 eo
770 1175 975 1256 ponebatur,
1004 1191 1058 1248 ut,
1089 1178 1148 1238 ubi
1171 1178 1311 1261 impositi

310 1262 475 1342 erantDii
489 1295 522 1342 et
538 1279 669 1350 heroes,
685 1295 734 1351 et,
758 1301 835 1342 cum
846 1283 1060 1362 pantomimis
1076 1285 1172 1346 unice
1188 1285 1313 1346 delecta·

289 1371 427 1450 ¹retitur
443 1387 603 1458 Romani,
633 1385 816 1448 citharoedi
835 1388 934 1450 etiam
955 1403 988 1450 et
1007 1389 1175 1462 tibicines,
1204 1391 1314 1460 mimo·
1397 1455 1398 1468 χ

273 1510 276 1518 “
312 1492 389 1556 rum
404 1493 631 1584 saltationibus
647 1496 847 1567 eminentes,
879 1493 1032 1568 (Pltaedr.
1050 1498 1086 1568 V,
1104 1501 1142 1574 7)
1162 1495 1313 1579 plicatiles
1397 1481 1398 1558 i

237 1600 241 1608 '
289 1669 292 1674 ,
310 1583 373 1662 hae
393 1615 425 1660 et
445 1598 611 1666 conflatiles
631 1599 819 1672 machinae,
851 1619 935 1685 quae
954 1603 1113 1684 paulatim
1135 1603 1170 1662 iu
1193 1617 1315 1664 tautum

312 1705 482 1790 fastigium
496 1707 920 1773 excreverant-incredibili
934 1707 1097 1770 celeritate
1109 1707 1315 1770 dissolveren-

310 1827 365 1876 tur
379 1815 414 1874 in
423 1815 500 1875 alias
515 1813 657 1874 subinde
666 1810 787 1874 formas
802 1827 1005 1876 transeuntes
1014 1819 1171 1896 (raptare
1175 1819 1317 1896 pegma).

213 1921 233 1947 '·
311 1919 386 2004 Una
406 1921 507 2001 igitur
526 1917 637 1979 relicta
660 1915 726 1978 fuit
744 1920 808 1980 via.
855 1919 955 2002 Quod
979 1921 1016 1980 in
1037 1919 1194 1982 inferiore
1213 1937 1317 1982 scena·

309 2047 385 2086 runs
400 2025 648 2108 contignatione
665 2039 740 2107 apte
756 2027 978 2110 excogitatum
995 2025 1116 2100 fuerat,
1149 2042 1188 2088 ut
1205 2044 1317 2098 scenae

234 2173 275 2217 (ἃ
292 2180 294 2188 ,
309 2147 419 2194 essent
437 2131 604 2194 versatiles
627 2145 660 2192 et
683 2129 835 2208 ductiles,
865 2133 887 2192 i.
904 2151 930 2194 e.
947 2147 986 2200 ut
1006 2133 1169 2195 machinis
1186 2133 1317 2218 quibus·

267 2230 271 2236 ⁵
309 2237 389 2303 dam
403 2240 614 2300 circumactae
634 2238 688 2298 vel
707 2237 859 2299 reductae
880 2237 1099 2310 demeterent,
1129 2256 1162 2302 et
1181 2259 1263 2324 quae
1282 2241 1319 2300 in

250 2411 251 2418 χ
308 2345 503 2429 postsceniis
520 2341 665 2414 fuerant,
679 2425 682 2432 ι
696 2357 917 2424 spectatorum
931 2345 1034 2408 oculis
1045 2347 1161 2408 subito
1179 2363 1319 2428 expone-

308 2463 400 2522 rent,
435 2450 526 2512 idem
550 2452 586 2510 in
610 2444 779 2532 ,superiore
801 2466 892 2532 parte
912 2453 1101 2513 earumdem
1123 2451 1319 2522 tabularum,

308 2559 432 2644 quibus
450 2575 563 2618 scenae
576 2557 779 2638 compositae
795 2553 950 2630 fuerunt,
973 2555 1043 2618 lieri
1058 2543 1181 2619 debuit.
1228 2558 1321 2620 Anti·

307 2665 467 2749 quissims
484 2663 568 2724 ratio
584 2660 650 2722 fuit
665 2660 753 2737 [vid.
768 2678 836 2726 not.
848 2683 880 2744 p.
894 2664 991 2740 VIIJ,
1015 2680 1053 2726 ut
1066 2665 1255 2746 patentibus
1272 2683 1322 2724 re·

305 2786 406 2854 pente
419 2770 524 2830 valvis
537 2769 687 2838 aedium,
718 2768 771 2828 vel
792 2769 933 2830 reductis
955 2773 1096 2830 omnino
1114 2771 1250 2842 tabulis,
1282 2773 1323 2832 in

305 2878 426 2964 quibus
439 2873 665 2952 aedificiorum
678 2888 809 2935 externa
822 2872 919 2965 facies
932 2875 1059 2960 depicta
1074 2891 1158 2948 erat,
1181 2898 1217 2938 es
1233 2897 1323 2962 quae

206 3036 210 3046 .
240 3059 243 3066 Ι
305 2981 645 3064 spectatorum'oculis
660 3000 699 3040 ex
713 2980 819 3058 adytis
837 2981 1039 3062 templorum
1051 2982 1105 3043 vel
1118 2984 1252 3046 aedium
1264 3003 1323 3066 pe·

306 3087 485 3149 netralibus
499 3085 704 3146 subiicienda
719 3101 827 3168 essent
839 3091 896 3159 [ut
909 3087 1006 3148 initio
1016 3087 1321 3153 EumenidAesch.

290 3192 437 3272 'Pythia
462 3205 494 3252 et
508 3209 594 3252 nova
608 3191 727 3252 deinde
742 3209 837 3252 scena
851 3192 977 3268 oblata]
993 3213 1062 3254 non
1076 3196 1208 3268 aulaeis,
1233 3215 1326 3280 quae

307 3315 382 3362 tum
398 3297 571 3362 exulabant
584 3315 601 3356 a
616 3297 749 3358 theatris
760 3295 974 3369 Graecorum,
998 3299 1055 3360 sed
1068 3303 1326 3364 machinatione
1396 3311 1397 3315 ’

291 3397 536 3487 ’(ἑκκύκλημα)
549 3385 838 3484 provolverentur,
862 3385 1063 3478 [iaaoulsiu
1084 3387 1174 3488 qnod
1189 3407 1327 3490 ubique

307 3509 535 3592 relingeiuium
542 3527 602 3589 pro
609 3503 791 3591 ἓγκυκλεῖν,
798 3509 1053 3571 vid-Casaubon.
1064 3512 1328 3585 aduehenvlu,

184 3685 186 3695 A
263 3645 268 3651 ·
291 3615 486 3699 Ι13,Ῑ).698]
498 3617 819 3699 atttrevolverentur,
844 3611 1046 3690 [ss'suuullsiu
1055 3619 1123 3679 vid.
1133 3619 1256 3681 Pollux
1267 3619 1329 3691 lv,

229 3734 233 3744 ‘
312 3734 384 3796 228,
398 3721 438 3782 ad
458 3721 551 3780 ouius
572 3721 824 3801 explicationem
848 3717 1107 3808 iuuoudsjuaros'
1130 3725 1331 3807 intelligen-

309 3830 400 3896 dam,
418 3826 658 3886 observandum
675 3841 738 3898 est,
763 3827 903 3888 aedificii
917 3831 952 3887 in
962 3825 1070 3896 fronte
1084 3844 1116 3890 et
1130 3850 1146 3890 a
1159 3829 1334 3894 lateribus
1395 3849 1396 3854 ’

308 3933 486 3997 cuiuslibet
496 3946 635 4014 portam,
659 3927 811 4017 epipedos,
835 3936 1005 4005 mansisse,
1029 3955 1105 3994 cram
1120 3951 1358 4022 ornamenta·
1395 3917 1396 3922 ἵ

257 4045 259 4048 ’
292 4041 447 4132 ,εΙίΜτ
462 4023 592 4118 portus,
615 4024 788 4121 speluncae
806 4053 863 4099 etc.
881 4041 1131 4103 ostenderentur
1149 4043 1231 4116 [vid.
1249 4057 1334 4106 not.

211 4139 215 4152 ’
241 4189 245 4238 ⁴-
269 4197 272 4202 .
306 4165 339 4230 p.
352 4143 412 4222 IX]
421 4141 667 4225 machinatione
681 4146 806 4208 rotatili
822 4138 1020 4232 [μηχάνημα
1033 4137 1237 4236 ὑπότροχον,
1255 4149 1346 4227 Ean,
