2816 4864
169 431 171 434 ·
264 411 299 494 4
361 437 363 442 v
466 394 683 475 Consilium
696 395 836 476 horum
849 400 1090 474 Commenta,

333 573 364 668 72
387 587 558 654 Maiomm'
574 589 735 666 libromm
755 589 936 675 philologg.
964 601 1063 674 atque
1087 591 1280 666 editionum,

267 675 302 760 et
314 699 509 759 versionum
528 697 738 760 classicorum
758 712 931 759 auctorum
950 701 1158 763 recensiones
1178 715 1277 783 atque

243 804 433 887 ¹catalogos
467 802 694 888 plenissimos.
760 803 835 887 Qua
859 805 896 864 iu
925 823 961 866 re
989 806 1035 865 ita
1059 808 1277 891 versabimur,

268 924 326 984 ut,
350 911 609 992 ‘quamprimum
628 911 664 972 in
686 929 805 972 manus
826 915 1142 987 nostrasesenerint,
1173 915 1212 976 de
1233 915 1276 976 iis

267 1019 310 1080 ad
331 1018 466 1078 lectores
486 1011 683 1089 referamus,
720 1029 753 1077 et
773 1017 1050 1098 praestantiorum
1071 1021 1206 1100 quidem
1226 1039 1277 1082 co·

268 1125 339 1208 pias
354 1123 490 1184 uberius
505 1123 723 1204 explicemus,
745 1123 910 1184 leviorum
923 1124 1065 1186 rationes
1081 1125 1278 1189 brevissime

212 1219 213 1222 ¹
269 1231 466 1294 indicemus.
517 1229 561 1290 Et
578 1229 661 1290 de''
638 1249 680 1290 us
708 1227 860 1310 quidem,
893 1249 976 1310 quae
1001 1233 1165 1314 superiori
1188 1251 1277 1294 anno

237 1315 240 1319 ἢ
268 1338 357 1406 edita
367 1349 464 1407 sunt,
487 1335 688 1418 paucissima
701 1334 754 1396 his
768 1335 935 1458 prioribus
949 1338 1098 1417 partibus
1114 1340 1276 1403 dicentur.

279 1419 364 1522 ’8
388 1443 574 1526 Specimina
588 1461 752 1502 novarum
766 1411 954 1502 editionum
968 1443 1176 1528 aliommque
1188 1445 1278 1508 labo·

268 1567 362 1623 rum,
398 1562 496 1632 atque
515 1549 692 1610 relationes
715 1547 756 1608 de
773 1567 886 1610 recens
906 1551 1070 1624 inventis,
1101 1553 1277 1634 susceptis,

268 1656 467 1740 profligatis,
494 1655 668 1754 quaesitis
672 1668 705 1714 et
718 1655 754 1714 in
766 1653 1043 1736 disceptationem
1061 1660 1201 1732 vocatis,
1226 1677 1277 1720 co·

269 1763 397 1826 nisibus
413 1743 588 1844 descriptis
603 1773 637 1820 st
655 1760 864 1834 examinatis,
886 1781 1053 1850 quaeque
1058 1765 1143 1863 eius
1147 1766 1278 1849 generis

243 1881 348 1931 *sunt
364 1868 436 1930 alia.
543 1855 557 1897 t
831 1862 841 1888 i
1069 1935 1076 1952 ‚
1121 1917 1129 1932 ,
1155 1895 1164 1952 1

312 1971 433 2056 filim,
445 1974 508 2034 etsi
537 1990 669 2056 operam
687 1993 784 2036 suam
799 1973 948 2056 primum
975 1979 1220 2044 coniunxerunt
1240 1975 1277 2046 ii,

244 2085 247 2090 ’
270 2080 332 2164 qui
350 2082 405 2142 vel
425 2081 516 2142 olim
532 2081 689 2162 adscripti
713 2077 852 2142 inerunt
871 2081 1091 2166 philologicos
1117 2081 1277 2152 societati,

234 2181 238 2188 ¹
268 2187 325 2250 vel
338 2188 660 2249 nunccnmmaxime
674 2171 748 2248 eam
771 2163 996 2260 constituunt':
1019 2169 1131 2250 tamen
1152 2202 1185 2248 et
1207 2205 1278 2272 spe·

268 2284 400 2366 ramiro,
428 2293 658 2356 communium
672 2293 856 2355 litterarum
871 2312 983 2368 Causa,
1011 2309 1045 2356 et
1061 2297 1221 2356 malorem
1241 2294 1282 2370 lli
1347 2349 1350 2354 .

267 2399 408 2462 modum
413 2401 590 2487 petimus,
613 2412 669 2472 ut,
692 2401 883 2481 quicunque
881 2383 1061 2463 doctrinae
1075 2421 1153 2463 suae
1165 2400 1279 2482 exqui-

269 2502 353 2570 sitae
367 2507 472 2590 copiis
488 2519 522 2566 et
535 2506 674 2568 subtilis
694 2505 837 2567 iudicii
833 2509 984 2568 acumine
1005 2508 1064 2570 has
1083 2509 1209 2578 litteras
1228 2525 1278 2568 or·
1361 2567 1364 2576 ,

103 2621 110 2646 “
133 2698 135 2704 s
212 2605 216 2616 ‘
269 2633 365 2684 nare,
388 2627 435 2685 et,
459 2631 543 2694 quae
557 2612 725 2673 interdum
740 2613 1047 2689 animadverterint,
1068 2633 1155 2696 quae
1170 2633 1279 2674 emcn-

269 2719 377 2783 danda
392 2719 554 2804 viderint,
577 2739 653 2784 cum
672 2715 744 2780 aliis
768 2723 1025 2794 communicare,
1048 2741 1132 2803 quse
1152 2721 1279 2782 utiliter
1339 2765 1342 2771 .

269 2821 397 2888 luerint
424 2840 576 2912 suscepta
595 2840 655 2890 aut
673 2828 824 2900 inventa,
860 2835 1009 2898 narrare,
1037 2826 1221 2898 voluerint,
1251 2825 1279 2886 ii

233 2939 234 2942 ’
268 2925 324 2994 his
338 2935 583 3004 commentariis
597 2951 657 2996 sua
670 2937 897 3004 committant,
922 2932 1045 3014 quibus
1060 2951 1137 2994 vere
1149 2931 1214 2992 hoc
1225 2929 1277 2990 lit·

231 3069 232 3072 *
268 3050 413 3098 terarum
427 3058 532 3120 genus
546 3040 732 3100 adiunctus.
777 3039 827 3099 lta
841 3041 931 3099 enim
946 3039 1092 3112 eveniet,
1115 3051 1170 3112 ut,
1193 3056 1279 3122 quas

185 3147 186 3152 ’
269 3144 311 3216 ad
335 3144 521 3206 uberrimos
547 3141 749 3228 philologiae
773 3147 881 3206 omnis
910 3143 1080 3206 thesauros
1107 3143 1278 3228 augendos

268 3266 377 3333 nuper
391 3241 505 3310 collata
517 3242 642 3312 fuerint
655 3249 860 3334 conferrique
874 3251 1067 3333 potuerint,
1076 3271 1112 3312 ea
1125 3250 1178 3312 his
1191 3247 1279 3310 com·
1313 3268 1319 3284 ¹

268 3351 458 3418 mensariis
470 3369 503 3416 et
531 3359 761 3420 contineantur
783 3371 815 3469 e't
838 3358 1060 3426 adserventur.
1123 3355 1279 3438 Quorum

77 3446 79 3454 ,
187 3499 189 3503 ·
269 3463 355 3524 tatto
369 3475 402 3522 et
414 3481 497 3524 usus
510 3475 550 3523 ut
562 3482 601 3524 eo
615 3464 713 3525 Iatrus
728 3478 861 3549 pateret,
885 3482 992 3547 neque
1005 3463 1046 3524 ati
1057 3463 1195 3542 patriam
1207 3479 1278 3522 mo

248 3553 249 3558 ἵ
270 3567 314 3638 do
336 3557 396 3630 sed
418 3583 542 3630 exteras
564 3571 663 3630 etiam
683 3585 841 3654 spectaret
860 3573 1027 3654 regiones,
1055 3567 1215 3629 latinam
1233 3567 1278 3626 iis

186 3679 189 3684 ’
269 3665 421 3745 oratione
430 3678 483 3738 uti
497 3689 567 3740 non
581 3658 818 3748 dubitavimus,
841 3695 1043 3758 quamquam
1055 3671 1202 3744 fuerunt,
1218 3671 1279 3753 qut

227 3799 230 3806 “
268 3795 402 3846 nostrae
416 3783 530 3873 aetatip
543 3781 954 3866 ingeniumhuicconsilio
965 3783 1077 3857 minus
1089 3776 1198 3840 lavere
1212 3777 1277 3840 exi·

255 3875 450 3951 sumerent.
474 3889 904 3960 Enimvero'intelleximus,
927 3885 1065 3950 omnino
1084 3885 1275 3968 nonproba·

266 3987 344 4058 tum
355 3995 396 4058 iri
410 3991 486 4060 illos
495 3995 759 4068 Commentarios
773 3997 833 4068 iis,
858 3996 979 4078 quibus
992 3993 1285 4071 vernaculaunice·

264 4101 431 4184 placeant,
455 4103 582 4188 quique
602 4105 639 4166 in
651 4103 825 4170 liminibus
836 4103 1041 4188 philologiae
1055 4098 1286 4192 substiterint-j
1360 4151 1363 4162 ,
