2696 4856
150 574 158 590 ⁸
200 545 204 577 ΙΙ
305 590 379 640 tum
398 571 537 658 praefert
558 574 698 636 damiam
719 571 859 660 (durator,
889 575 1040 660 vulgare,
1069 577 1172 640 vilius
1190 576 1309 642 Sarda·
1334 612 1335 632 ι

255 677 260 689 ’
305 686 423 768 genus)
439 695 471 744 et
491 696 599 742 contra
620 681 834 742 Guettardum
851 681 960 753 docet,
991 681 1161 754 Sardibus,
1189 689 1310 746 nonin

268 403 276 420 “
296 397 378 476 ’540
571 334 677 458 Libri
696 386 742 487 ad
760 385 847 460 artis
866 383 1039 484 antiquae

1185 469 1192 496 l'

305 789 469 858 Sardinia,
498 787 609 848 Plinio
629 801 778 856 auctore,
810 785 940 847 Sardam
962 788 1106 867 primum
1121 809 1192 850 esse
1207 811 1310 873 reper·
1334 781 1335 842 l

304 893 382 956 tim.
427 895 602 976 Vtriusque
626 906 658 953 et
677 893 836 954 carniolae
854 893 1049 975 gerumariae
1073 908 1104 954 et
1119 895 1245 958 Surdae
1262 919 1310 980 pa·

305 1003 367 1062 tria
391 997 456 1060 fuit
477 997 570 1058 India
597 1002 738 1074 (montes
766 996 979 1068 Gautiorum,
1015 995 1309 1079 Balla-‘Gaura

251 1177 255 1186 ,
303 1122 477 1173 nuncnon
496 1102 637 1184 amplius
657 1104 878 1183 reperiuntur,
907 1103 1118 1186 multumque
1137 1110 1252 1168 nostri
1273 1110 1310 1168 la·

224 1221 227 1226 '
305 1211 399 1296 pides
421 1229 535 1270 eorum
553 1209 729 1268 nominum
749 1207 1044 1288 antiquis'cedunt.
1087 1204 1130 1270 'Si
1151 1213 1217 1296 qui
1242 1217 1307 1274 eius

304 1316 432 1400 generis
448 1314 588 1396 lapides,
619 1313 769 1377 nondum
791 1313 922 1394 scalpti,
952 1299 1145 1394 suirersunt,
1177 1321 1305 1405 antiqui

222 1415 226 1423 ’
302 1423 352 1483 illi
369 1435 447 1482 suut
459 1419 614 1480 habendi.
661 1418 843 1480 orientales
856 1416 1035 1480 Corneolae
1055 1433 1089 1479 et
1106 1419 1230 1484 Sardae
1247 1425 1303 1506 pel·

304 1526 431 1588 lucidae
451 1537 546 1596 sunt,
579 1525 633 1585 illa
650 1525 755 1607 ignei,
792 1521 872 1584 haec
892 1519 976 1584 fusci
997 1524 1114 1614 coloris
1134 1539 1195 1586 aut
1211 1525 1302 1591 fulvi.
1335 1511 1336 1518 ἵ

268 1655 270 1658 ·
304 1631 493 1698 Nonnullae
515 1629 647 1720 Samae,
684 1631 868 1698 crassiores,
910 1628 997 1708 apud
1027 1643 1150 1690 veteres
1179 1631 1304 1694 bractea
1335 1627 1336 1682 ἶ

195 1717 196 1724 ¹
245 1817 248 1830 Ι
291 1723 727 1822 'argenteaeublinebantura
757 1753 863 1815 neque
877 1715 987 1796 tamen
1001 1735 1037 1802 in
1056 1737 1216 1816 gemmis,
1246 1739 1302 1798 sed

301 1847 339 1909 in
353 1846 429 1908 solis
446 1842 614 1924 laevigatis
632 1833 795 1922 la‘pidibus
808 1839 874 1898 hoc
887 1837 1010 1902 factum
1028 1859 1111 1910 esse,
1141 1841 1182 1901 K:
1198 1843 1302 1904 existi·

260 1935 265 1987 7
301 1965 387 2020 mat,
417 1949 523 2028 iisque
534 1965 606 2042 non
618 1945 771 2044 optimis,
799 1963 876 2004 cum
891 1945 942 2015 hi,
972 1948 1041 2008 sive
1054 1945 1169 2026 scalpti
1183 1965 1299 2020 esseut,

212 2042 217 2058 ’
301 2058 371 2118 sive
389 2073 474 2124 non,
506 2047 610 2114 funda
629 2049 874 2110 includerentur
898 2052 1140 2116 nullabractea
1156 2053 1299 2126 subiecta

301 2159 332 2239 (i
348 2162 446 2238 jour).
493 2156 556 2218 Sed
568 2157 698 2218 annulis
714 2157 852 2218 insertae
868 2175 958 2218 nunc
972 2145 1041 2218 no'n
1055 2157 1119 2218 nisi
1132 2155 1300 2220 Romanae

299 2283 449 2350 gemmae
460 2263 681 2345 reperiunturr
710 2265 839 2350 graecae
859 2263 895 2344 in
915 2275 965 2324 tot
986 2282 1095 2324 rerum
1113 2267 1300 2348 conuersio

298 2371 398 2438 nibus
411 2369 566 2430 videntur
581 2369 688 2430 aureis
697 2363 810 2430 fundis
825 2381 969 2428 exemtae
980 2386 1184 2446 omnesesse.
1213 2371 1299 2434 Caet
1335 2409 1337 2442 2

299 2451 498 2557 et‘t'opazio
527 2495 603 2535 cum
629 2489 777 2535 veterum
807 2487 879 2534 tum
910 2474 1137 2540 recentiorum,
1161 2475 1301 2556 artifices

298 2583 451 2664 antiquos
471 2598 539 2645 esse
557 2581 592 2644 iu
613 2581 751 2664 gemmis
773 2579 970 2660 scalpendis,
994 2597 1199 2662 quamquam
1219 2603 1300 2654 raro,

297 2680 390 2756 usos,
421 2698 531 2748 contra
552 2683 939 2759 Millinumostenditur.
985 2685 1122 2744 Victorii
1141 2687 1301 2764 (vectori)

296 2794 475 2860 sententia,
498 2791 700 2872 aLessingio
714 2790 863 2872 probata,
887 2785 1024 2856 artifices¹
1038 2774 1192 2851 consulti
1212 2813 1299 2892 aruer·
1335 2799 1336 2804 ’

230 2977 235 2984 „
280 2916 365 2962 ¹sam
392 2911 517 2980 partem
545 2915 691 2980 gemmae
717 2896 923 2977 inaequalem
944 2891 1076 2966 fecisse,
1121 2915 1153 2976 p.
1179 2909 1238 2971 31.
1260 2920 1298 2960 ss.
1337 2971 1338 2980 ἵ

203 3082 208 3088 ν
282 3007 517 3088 impugnatur.
561 2989 688 3064 Veteres
703 2999 792 3060 enim
807 2997 942 3060 artifices
955 3001 1059 3082 graeci
1072 3004 1218 3082 gemmis
1236 3025 1299 3074 cae·
1337 2995 1338 3016 ³

295 3110 407 3187 landis¹
415 3129 482 3170 non
496 3107 561 3166 nisi
580 3107 724 3186 optimos
738 3104 861 3184 lapidea
873 3117 905 3164 et
917 3120 974 3166 aut
988 3105 1211 3186 pellucentes,
1247 3127 1302 3174 aut

296 3215 435 3276 omnino
453 3232 569 3294 opacos
584 3209 821 3280 adhibuerunt;
845 3225 877 3270 et
890 3210 1074 3289 inaequales
1088 3229 1303 3294 gemmarum

293 3331 400 3402 partes
414 3317 603 3382 Romanum
617 3295 762 3396 produnt
774 3313 926 3391 laborem.
971 3315 1020 3374 Ad
1035 3316 1152 3402 Sardae
1165 3319 1302 3384 indicae

207 3469 211 3476 .
293 3425 436 3486 maxime
451 3439 550 3504 opaca
570 3437 686 3502 genera
706 3416 893 3478 referuntur
913 3419 953 3480 ab
969 3433 1052 3480 auct.
1068 3424 1193 3493 morio,
1228 3429 1303 3490 Ale.

207 3529 209 3532 ’
290 3523 500 3595 :landunum
524 3524 693 3606 Cyprium,
716 3521 904 3586 Pramnion.
942 3527 1076 3586 Indicae
1090 3527 1209 3591 Sardae
1225 3536 1303 3614 pul·

292 3637 444 3712 cerrimae
460 3632 558 3692 etiam
573 3649 623 3710 ap.-
637 3642 714 3691 vett.
731 3632 866 3692 rariores
882 3628 983 3692 fuisse
998 3633 1169 3708 videnum
1204 3653 1301 3700 utro

264 3739 268 3745 ’
291 3752 487 3829 quegenere
500 3752 532 3797 et
545 3735 642 3796 rubro
657 3749 689 3795 et
702 3733 793 3797 fusco
805 3735 953 3798 delectati
964 3752 1042 3798 sunt
1051 3737 1174 3800 Graeci.
1223 3745 1304 3806 Sca-

288 3845 398 3914 1abaei
423 3837 572 3926 plciique
597 3861 636 3902 ex
655 3843 780 3904 arabica
799 3839 896 3902 Sarda
916 3830 994 3902 'facti
1021 3843 1187 3932 videntur.
1243 3849 1306 3910 Ef-

181 4005 185 4014 ,
284 3949 412 4024 ,fectum
426 3950 528 4032 igitur
541 3962 654 4008 auctor
664 3961 775 4014 contra
788 3948 912 4010 multoe
925 3949 1006 4010 alios
1020 3964 1143 4024 censet,
1173 3958 1304 4028 reteri-

286 4057 348 4120 hus
361 4046 467 4120 =fuisse
480 4073 588 4117 unum
602 4053 738 4140 quidem
746 4051 862 4116 Sardae
876 4071 1008 4130 nomen,
1030 4056 1088 4118 eed
1100 4059 1303 4122 comeolam

414 4355 429 4390 l,
