2816 4864
272 433 291 476 ·'
305 429 490 530 quosdam
501 425 907 536 ιῙιιιοιἰιῐιιιιιιιιὶοιιιι
934 411 942 446 ’
1059 433 1110 529 79

4 629 7 684 ς
101 623 140 698 in
158 624 222 684 alio
246 631 364 706 genere
382 619 618 690 ratiocinandi,
646 635 712 680 usu
728 609 965 690 numerorum,
990 591 1114 681 iisdem
1210 635 1212 640 ’
1269 632 1270 636 ’

102 729 255 792 formulis
278 727 371 788 locus
392 745 460 788 esse
480 725 604 786 debuit.
649 721 784 808 Quippe
807 724 863 786 hio
883 721 961 785 fons
980 709 1114 789 mniliss

6 879 28 905 .·
102 835 214 896 tionis.
260 831 301 894 ln
329 833 477 893 numeris
503 845 615 892 autem
641 833 816 913 proprium
838 846 876 926 eo
877 827 1009 910 lligeree
1043 827 1115 893 ferd

5 961 6 966 ¹
97 959 232 1023 semper
246 939 383 1024 quidem
402 939 442 998 de
458 937 707 1007 ratiocinatum,
731 950 764 997 at
783 921 899 1010 etiam,
922 949 962 998 ιιι
979 931 1124 1019 οῙιιιιοι,ἃ

103 1047 182 1108 de'
174 1065 245 1136 rpsa
268 1045 408 1105 ratione.
436 1039 641 1108 *simillime
665 1037 798 1103 Plinius
825 1017 909 1126 Epp.
933 1057 970 1107 ι,
999 1055 1113 1144 ι9,9.
1196 1061 1199 1068 ·

106 1151 270 1215 Omnes
256 1169 292 1211 in
311 1135 455 1232 utroque
474 1159 576 1228 porte
599 1145 745 1208 calculos
766 1167 872 1229 pone,
877 1146 997 1233 idque
1011 1146 1114 1228 elige,

104 1261 142 1322 in
163 1253 411 1364 ’φιριιίσιιίι
425 1255 564 1314 ratio.
609 1251 756 1314 Ceterim
773 1253 964 1335 bicApn'c.
981 1267 1030 1330 17.
1050 1255 1115 1338 'pu'

4 1371 6 1392 ³
103 1361 243 1472 tidem
230 1382 267 1420 ιιι
282 1359 494 1448 temporibus
514 1359 746 1443 computandis
760 1357 971 1422 sedulitatem
986 1355 1114 1444 agitatu.
1150 1413 1151 1419 ,

4 1469 5 1472 ’
103 1431 321 1532 manifestum
344 1481 401 1527 est.
447 1463 518 1526 Iam
542 1462 623 1550 quid
650 1465 817 1526 tandem'
808 1485 845 1524 ιιι
868 1466 1034 1548 principio
1054 1479 1115 1540 est,
1167 1526 1170 1534 ,

106 1563 201 1668 qpod
225 1570 369 1656 frigeat?
442 1572 589 1632 Tantum
620 1571 834 1643 subauditur,
874 1587 914 1632 ut
938 1591 1036 1654 saepe
1065 1568 1115 1634 fit.
1169 1617 1172 1628 .
1229 1546 1234 1572 ’

104 1673 310 1748 Pro'esertirn
335 1695 416 1739 vero
441 1690 578 1760 propter
604 1676 712 1757 ipsam
729 1677 931 1810 paucitatem
951 1663 1126 1740 annorum¹

4 1797 6 1814 ²
102 1787 283 1850 adiectum
295 1798 353 1844 est
411 1789 413 1796 '

4 1865 5 1872 ’
150 1891 258 1952 Sunt
276 1883 370 1962 alia,
381 1899 422 1948 ut
452 1881 613 1958 diximus,
636 1850 707 1947 ubi
712 1899 789 1948 vera
802 1887 899 1949 lectio
913 1905 954 1949 ex
965 1889 1120 1971 prterunt

107 2011 142 2087 et
168 1996 348 2062 meliorum
381 1993 620 2075 exemplarium
653 1994 898 2075 comparatione
922 1991 1017 2056 facile
1043 1997 1119 2056 erui
1162 2047 1171 2069 χ
1223 2055 1230 2069 ,
1272 1974 1274 1982 ’

106 2115 244 2188 poterat.
281 2103 418 2182 'Itaque
437 2111 475 2174 tc.
490 2115 521 2178 9.
560 2101 622 2182 leg.
652 2097 797 2170 Saleium
825 2112 995 2172 nostrum,
1029 2122 1117 2180 egre-

105 2211 197 2290 giem
220 2207 382 2287 postam.
412 2225 473 2288 pro
493 2205 608 2287 inepto
630 2204 694 2266 isto
712 2223 772 2289 per
789 2218 840 2269 tot
851 2206 954 2268 libros
968 2205 1118 2290 vulgato,
1161 2187 1163 2204 ¹

108 2315 141 2376 8.
163 2323 359 2390 nostrorum
386 2311 551 2392 egregium
572 2318 720 2402 poetam.
787 2311 824 2376 C.
846 2323 893 2396 15.
925 2312 1119 2375 Contentus
1165 2314 1172 2329 ’

106 2419 335 2480 mutandum
325 2439 362 2478 m
377 2417 557 2478 contentis.
604 2415 674 2498 Qui
686 2427 882 2478 contentum
896 2420 1023 2480 vocarit
1040 2439 1116 2481 con·

106 2538 196 2588 tenta
218 2514 301 2585 noce
321 2525 533 2608 loquentem,
562 2523 733 2584 neminem
751 2524 891 2620 scimus,
920 2543 963 2586 ne
980 2531 1117 2608 poetam

107 2629 262 2714 quidem.
296 2641 356 2688 net
373 2647 455 2689 vero
475 2628 560 2690 illud
579 2629 647 2690 hue
666 2629 852 2712 pertineret
898 2629 949 2692 De
969 2650 1116 2716 commo

105 2736 149 2798 tis
166 2732 337 2818 plausibus
355 2724 597 2796 auditoriorum
616 2753 724 2798 senno
743 2748 807 2807 est,
836 2754 906 2799 non
925 2736 965 2796 de
985 2737 1114 2800 Stento-

106 2860 161 2902 rea
186 2839 327 2956 rhetpris
349 2839 560 2902 declamantis
578 2859 668 2900 uoce.
714 2838 750 2902 C.
767 2853 819 2915 30,
864 2842 987 2924 quivis
994 2849 1116 2926 sponte

74 2946 149 3010 'ex
176 2945 244 3008 Cic.
263 2925 337 3006 ‘suo
365 2947 504 3028 corrigat
529 2943 726 3007 Diodotum
755 2963 829 3028 pro
843 2945 1018 3008 Diodoro.
1063 2947 1115 3011 Ειι
1206 2964 1209 2971 ’

107 3053 222 3114 eadem
240 3050 339 3112 classe
360 3052 524 3114 vitiorum
543 3053 628 3113 illud
648 3065 712 3122 est,
745 3051 839 3136 quod
856 3066 967 3124 tamen
988 3053 1113 3138 Lipsia-

108 3169 166 3220 nas
188 3175 302 3219 omnes
320 3176 356 3218 ac
377 3157 497 3218 deinde
515 3159 658 3243 reliquas
677 3159 868 3240 occupavit,
898 3177 923 3242 c,
942 3171 990 3238 15.
1034 3162 1114 3222 Ma·

109 3261 195 3342 ligni
218 3263 258 3322 in
282 3265 339 3324 iis
362 3265 553 3345 opinionem
566 3281 634 3324 non
649 3262 831 3325 verebaris.
876 3263 941 3326 Pro
954 3268 1026 3329 istis
1042 3266 1114 3330 Act-

108 3369 215 3443 ιιιιιιι
243 3369 328 3430 cont.
358 3369 547 3444 aaaron.
565 3355 805 3432 'emendatione
833 3371 910 3432 san·
933 3369 1038 3444 facin,
1073 3387 1116 3437 ur

4 3493 6 3496 ·
106 3477 178 3560 ipse
197 3489 308 3536 autem
316 3475 527 3558 ‘ppellabau
550 3475 700 3565 eleganti.
746 3475 810 3538 Sed
807 3477 1024 3570 elegantiam
1041 3481 1114 3565 qui

4 3621 7 3636 .
53 3568 64 3586 ‘
107 3581 184 3642 dem
201 3581 375 3643 mallemus
393 3583 580 3668 cuiuspiam
597 3582 680 3642 boni
693 3557 835 3644 auctoris
848 3585 999 3667 exemplo
1013 3585 1115 3670 quam

106 3687 167 3748 tati
197 3688 373 3767 praeconio
405 3669 619 3771 probavisset.
665 3666 772 3748 Nobis
795 3689 835 3749 de
855 3689 1016 3774 elegantia
1037 3709 1114 3781 opn-

9 3827 12 3832 ·
106 3806 156 3854 tra
174 3791 316 3854 videtur.
360 3791 565 3895 Propiorem
591 3809 624 3856 et
650 3813 728 3854 vere
735 3774 907 3858 Latinam
935 3773 1116 3860 lectionem
1223 3857 1226 3864 ,

5 3981 6 3986 ¹
105 3910 243 3980 servant
253 3899 375 3980 plures
379 3913 456 3962 vett.
464 3884 565 3970 edd„
587 3914 701 3982 postea
714 3899 882 3967 diduatam
895 3903 1117 3988 vitiatamque

5 3989 6 3992 ¹
29 4087 33 4097 Ι
104 4005 175 4068 sola
188 3986 325 4067 fortasse
338 4005 434 4090 culpa
445 4019 637 4090 operarum,
660 4004 964 4086 malignitatis
982 4010 1114 4086 opinio·

105 4114 209 4176 nim.-
224 4110 274 4172 'ld
292 4111 440 4194 primurn
460 4125 675 4196 conspectum
693 4118 793 4176 nemo
811 4130 882 4174 non
899 4115 1114 4180 timulserit·

103 4203 233 4287 simum
254 4197 462 4282 iudicarent.
560 4305 562 4312 Α
